@MISC{logicGate,
		title =        "Basic Gates and Functions",
		author =       "Wale Sangosanya",
		year =         "2005 [cit. 2015-11-18]",
		howpublished=  "{\url{http://www.ee.surrey.ac.uk/Projects/CAL/digital-logic/gatesfunc/index.html}}",
	}

@MISC{logicGateWiki,
		title =        "Logic gate",
		publisher =       "Wikipedia",
		year =         "2015-12-02 [cit. 2015-11-18]",
		howpublished=  "{\url{https://en.wikipedia.org/wiki/Logic_gate}}",
	}


@MISC{imsSlide,
		title =        "Modelování a simulace",
		author =       "Petr Peringer",
		year =         "2015-09-17 [cit. 2015-12-04]",
		howpublished=  "{\url{https://wis.fit.vutbr.cz/FIT/st/course-files-st.php/course/IMS-IT/lectures/IMS.pdf?cid=10316}}",
	}



@MISC{andSheet,
		title =        "74LS08 - 74LS08 Quad 2-input AND Gate Datasheet ",
		author =       "",
		year =         "[cit. 2015-12-04]",
		howpublished=  "{\url{http://www.futurlec.com/74LS/74LS08.shtml}}",
	}

@MISC{nandSheet,
		title =        "Datasheet 4x 2 vstupové hradlo NAND Gate SO14 NXP HEF4093BT,652",
		author =       "NXP",
		year =         "[cit. 2015-12-04]",
		howpublished=  "{\url{http://www.svetsoucastek.cz/Services/Media.ashx?mid=3607&key=ZGpmIyQwNUZfMzYwNw==}}",
	}

@MISC{notSheet,
		title =        "74LS04 - 74LS04 Hex Inverter Datasheet",
		author =       "",
		year =         "[cit. 2015-12-04]",
		howpublished=  "{\url{http://www.futurlec.com/74LS/74LS04.shtml}}",
	}

@MISC{orSheet,
		title =        "74LS32 - 74LS32 Quad 2-input OR Gate Datasheet",
		author =       "",
		year =         "[cit. 2015-12-04]",
		howpublished=  "{\url{http://www.futurlec.com/74LS/74LS32.shtml}}",
	}

@MISC{norSheet,
		title =        "74LS02 - 74LS02 Quad 2-input NOR Gate Datasheet",
		author =       "",
		year =         "[cit. 2015-12-04]",
		howpublished=  "{\url{http://www.futurlec.com/74LS/74LS02.shtml}}",
	}

@MISC{xorSheet,
		title =        "MC74VHC86 Quad 2-Input XOR Gate",
		author =       "ONSemiconductor",
		year =         "[cit. 2015-12-04]",
		howpublished=  "{\url{http://www.onsemi.com/pub_link/Collateral/MC74VHC86-D.PDF}}",
	}
